@article{williams1992simple,
  title={Simple statistical gradient-following algorithms for connectionist reinforcement learning},
  author={Williams, Ronald J},
  journal={Machine learning},
  volume={8},
  number={3-4},
  pages={229--256},
  year={1992},
  publisher={Springer}
}

@inproceedings{peters2006policy,
  title={Policy gradient methods for robotics},
  author={Peters, Jan and Schaal, Stefan},
  booktitle={Intelligent Robots and Systems, 2006 IEEE/RSJ International Conference on},
  pages={2219--2225},
  year={2006},
  organization={IEEE}
}

@article{maddison2016concrete,
  title={The concrete distribution: A continuous relaxation of discrete random variables},
  author={Maddison, Chris J and Mnih, Andriy and Teh, Yee Whye},
  journal={arXiv preprint arXiv:1611.00712},
  year={2016}
}

@article{jang2016categorical,
  title={Categorical reparameterization with gumbel-softmax},
  author={Jang, Eric and Gu, Shixiang and Poole, Ben},
  journal={arXiv preprint arXiv:1611.01144},
  year={2016}
}

@article{tucker2017rebar,
  title={REBAR: Low-variance, unbiased gradient estimates for discrete latent variable models},
  author={Tucker, George and Mnih, Andriy and Maddison, Chris J and Sohl-Dickstein, Jascha},
  journal={arXiv preprint arXiv:1703.07370},
  year={2017}
}

@inproceedings{ruiz2016generalized,
  title={The generalized reparameterization gradient},
  author={Ruiz, Francisco R and AUEB, Michalis Titsias RC and Blei, David},
  booktitle={Advances in Neural Information Processing Systems},
  pages={460--468},
  year={2016}
}